%YAML 1.1
%TAG !u! tag:unity3d.com,2011:
--- !u!29 &1
OcclusionCullingSettings:
  m_ObjectHideFlags: 0
  serializedVersion: 2
  m_OcclusionBakeSettings:
    smallestOccluder: 5
    smallestHole: 0.25
    backfaceThreshold: 100
  m_SceneGUID: 00000000000000000000000000000000
  m_OcclusionCullingData: {fileID: 0}
--- !u!104 &2
RenderSettings:
  m_ObjectHideFlags: 0
  serializedVersion: 9
  m_Fog: 0
  m_FogColor: {r: 0.5, g: 0.5, b: 0.5, a: 1}
  m_FogMode: 3
  m_FogDensity: 0.01
  m_LinearFogStart: 0
  m_LinearFogEnd: 300
  m_AmbientSkyColor: {r: 0.212, g: 0.227, b: 0.259, a: 1}
  m_AmbientEquatorColor: {r: 0.114, g: 0.125, b: 0.133, a: 1}
  m_AmbientGroundColor: {r: 0.047, g: 0.043, b: 0.035, a: 1}
  m_AmbientIntensity: 1
  m_AmbientMode: 0
  m_SubtractiveShadowColor: {r: 0.42, g: 0.478, b: 0.627, a: 1}
  m_SkyboxMaterial: {fileID: 10304, guid: 0000000000000000f000000000000000, type: 0}
  m_HaloStrength: 0.5
  m_FlareStrength: 1
  m_FlareFadeSpeed: 3
  m_HaloTexture: {fileID: 0}
  m_SpotCookie: {fileID: 10001, guid: 0000000000000000e000000000000000, type: 0}
  m_DefaultReflectionMode: 0
  m_DefaultReflectionResolution: 128
  m_ReflectionBounces: 1
  m_ReflectionIntensity: 1
  m_CustomReflection: {fileID: 0}
  m_Sun: {fileID: 0}
  m_IndirectSpecularColor: {r: 0, g: 0, b: 0, a: 1}
  m_UseRadianceAmbientProbe: 0
--- !u!157 &3
LightmapSettings:
  m_ObjectHideFlags: 0
  serializedVersion: 11
  m_GIWorkflowMode: 1
  m_GISettings:
    serializedVersion: 2
    m_BounceScale: 1
    m_IndirectOutputScale: 1
    m_AlbedoBoost: 1
    m_EnvironmentLightingMode: 0
    m_EnableBakedLightmaps: 1
    m_EnableRealtimeLightmaps: 1
  m_LightmapEditorSettings:
    serializedVersion: 10
    m_Resolution: 2
    m_BakeResolution: 40
    m_AtlasSize: 1024
    m_AO: 0
    m_AOMaxDistance: 1
    m_CompAOExponent: 1
    m_CompAOExponentDirect: 0
    m_Padding: 2
    m_LightmapParameters: {fileID: 0}
    m_LightmapsBakeMode: 1
    m_TextureCompression: 1
    m_FinalGather: 0
    m_FinalGatherFiltering: 1
    m_FinalGatherRayCount: 256
    m_ReflectionCompression: 2
    m_MixedBakeMode: 2
    m_BakeBackend: 1
    m_PVRSampling: 1
    m_PVRDirectSampleCount: 32
    m_PVRSampleCount: 500
    m_PVRBounces: 2
    m_PVRFilterTypeDirect: 0
    m_PVRFilterTypeIndirect: 0
    m_PVRFilterTypeAO: 0
    m_PVRFilteringMode: 1
    m_PVRCulling: 1
    m_PVRFilteringGaussRadiusDirect: 1
    m_PVRFilteringGaussRadiusIndirect: 5
    m_PVRFilteringGaussRadiusAO: 2
    m_PVRFilteringAtrousPositionSigmaDirect: 0.5
    m_PVRFilteringAtrousPositionSigmaIndirect: 2
    m_PVRFilteringAtrousPositionSigmaAO: 1
    m_ShowResolutionOverlay: 1
  m_LightingDataAsset: {fileID: 0}
  m_UseShadowmask: 1
--- !u!196 &4
NavMeshSettings:
  serializedVersion: 2
  m_ObjectHideFlags: 0
  m_BuildSettings:
    serializedVersion: 2
    agentTypeID: 0
    agentRadius: 0.5
    agentHeight: 2
    agentSlope: 45
    agentClimb: 0.4
    ledgeDropHeight: 0
    maxJumpAcrossDistance: 0
    minRegionArea: 2
    manualCellSize: 0
    cellSize: 0.16666667
    manualTileSize: 0
    tileSize: 256
    accuratePlacement: 0
    debug:
      m_Flags: 0
  m_NavMeshData: {fileID: 0}
--- !u!1001 &11287737
PrefabInstance:
  m_ObjectHideFlags: 0
  serializedVersion: 2
  m_Modification:
    m_TransformParent: {fileID: 0}
    m_Modifications:
    - target: {fileID: 1666076971988228, guid: c2d4e1fd9efe24a7882024c4b16d833b, type: 3}
      propertyPath: m_Name
      value: MergeCubeSDK
      objectReference: {fileID: 0}
    - target: {fileID: 4187542861081312, guid: c2d4e1fd9efe24a7882024c4b16d833b, type: 3}
      propertyPath: m_LocalPosition.x
      value: 0
      objectReference: {fileID: 0}
    - target: {fileID: 4187542861081312, guid: c2d4e1fd9efe24a7882024c4b16d833b, type: 3}
      propertyPath: m_LocalPosition.y
      value: 0
      objectReference: {fileID: 0}
    - target: {fileID: 4187542861081312, guid: c2d4e1fd9efe24a7882024c4b16d833b, type: 3}
      propertyPath: m_LocalPosition.z
      value: 0
      objectReference: {fileID: 0}
    - target: {fileID: 4187542861081312, guid: c2d4e1fd9efe24a7882024c4b16d833b, type: 3}
      propertyPath: m_LocalRotation.x
      value: 0
      objectReference: {fileID: 0}
    - target: {fileID: 4187542861081312, guid: c2d4e1fd9efe24a7882024c4b16d833b, type: 3}
      propertyPath: m_LocalRotation.y
      value: 0
      objectReference: {fileID: 0}
    - target: {fileID: 4187542861081312, guid: c2d4e1fd9efe24a7882024c4b16d833b, type: 3}
      propertyPath: m_LocalRotation.z
      value: 0
      objectReference: {fileID: 0}
    - target: {fileID: 4187542861081312, guid: c2d4e1fd9efe24a7882024c4b16d833b, type: 3}
      propertyPath: m_LocalRotation.w
      value: 1
      objectReference: {fileID: 0}
    - target: {fileID: 4187542861081312, guid: c2d4e1fd9efe24a7882024c4b16d833b, type: 3}
      propertyPath: m_RootOrder
      value: 3
      objectReference: {fileID: 0}
    - target: {fileID: 4187542861081312, guid: c2d4e1fd9efe24a7882024c4b16d833b, type: 3}
      propertyPath: m_LocalEulerAnglesHint.x
      value: 0
      objectReference: {fileID: 0}
    - target: {fileID: 4187542861081312, guid: c2d4e1fd9efe24a7882024c4b16d833b, type: 3}
      propertyPath: m_LocalEulerAnglesHint.y
      value: 0
      objectReference: {fileID: 0}
    - target: {fileID: 4187542861081312, guid: c2d4e1fd9efe24a7882024c4b16d833b, type: 3}
      propertyPath: m_LocalEulerAnglesHint.z
      value: 0
      objectReference: {fileID: 0}
    - target: {fileID: 224697018046960154, guid: c2d4e1fd9efe24a7882024c4b16d833b,
        type: 3}
      propertyPath: m_AnchorMin.y
      value: 0
      objectReference: {fileID: 0}
    - target: {fileID: 224697018046960154, guid: c2d4e1fd9efe24a7882024c4b16d833b,
        type: 3}
      propertyPath: m_AnchorMax.y
      value: 0
      objectReference: {fileID: 0}
    - target: {fileID: 224697018046960154, guid: c2d4e1fd9efe24a7882024c4b16d833b,
        type: 3}
      propertyPath: m_AnchoredPosition.x
      value: 0
      objectReference: {fileID: 0}
    - target: {fileID: 224902924752616590, guid: c2d4e1fd9efe24a7882024c4b16d833b,
        type: 3}
      propertyPath: m_AnchorMin.y
      value: 0
      objectReference: {fileID: 0}
    - target: {fileID: 224902924752616590, guid: c2d4e1fd9efe24a7882024c4b16d833b,
        type: 3}
      propertyPath: m_AnchorMax.y
      value: 0
      objectReference: {fileID: 0}
    - target: {fileID: 224902924752616590, guid: c2d4e1fd9efe24a7882024c4b16d833b,
        type: 3}
      propertyPath: m_AnchoredPosition.x
      value: 0
      objectReference: {fileID: 0}
    - target: {fileID: 224521179182696100, guid: c2d4e1fd9efe24a7882024c4b16d833b,
        type: 3}
      propertyPath: m_AnchorMin.y
      value: 0
      objectReference: {fileID: 0}
    - target: {fileID: 224521179182696100, guid: c2d4e1fd9efe24a7882024c4b16d833b,
        type: 3}
      propertyPath: m_AnchorMax.y
      value: 0
      objectReference: {fileID: 0}
    - target: {fileID: 224521179182696100, guid: c2d4e1fd9efe24a7882024c4b16d833b,
        type: 3}
      propertyPath: m_AnchoredPosition.x
      value: 0
      objectReference: {fileID: 0}
    - target: {fileID: 224390923138433836, guid: c2d4e1fd9efe24a7882024c4b16d833b,
        type: 3}
      propertyPath: m_AnchorMin.y
      value: 0
      objectReference: {fileID: 0}
    - target: {fileID: 224390923138433836, guid: c2d4e1fd9efe24a7882024c4b16d833b,
        type: 3}
      propertyPath: m_AnchorMax.y
      value: 0
      objectReference: {fileID: 0}
    - target: {fileID: 224390923138433836, guid: c2d4e1fd9efe24a7882024c4b16d833b,
        type: 3}
      propertyPath: m_AnchoredPosition.x
      value: 0
      objectReference: {fileID: 0}
    - target: {fileID: 224302426793990206, guid: c2d4e1fd9efe24a7882024c4b16d833b,
        type: 3}
      propertyPath: m_AnchoredPosition.y
      value: -0.000061035156
      objectReference: {fileID: 0}
    - target: {fileID: 114589813581546314, guid: c2d4e1fd9efe24a7882024c4b16d833b,
        type: 3}
      propertyPath: m_Enabled
      value: 1
      objectReference: {fileID: 0}
    m_RemovedComponents: []
  m_SourcePrefab: {fileID: 100100000, guid: c2d4e1fd9efe24a7882024c4b16d833b, type: 3}
--- !u!1 &91168773
GameObject:
  m_ObjectHideFlags: 0
  m_CorrespondingSourceObject: {fileID: 0}
  m_PrefabInstance: {fileID: 0}
  m_PrefabAsset: {fileID: 0}
  serializedVersion: 6
  m_Component:
  - component: {fileID: 91168775}
  - component: {fileID: 91168774}
  m_Layer: 0
  m_Name: Directional Light
  m_TagString: Untagged
  m_Icon: {fileID: 0}
  m_NavMeshLayer: 0
  m_StaticEditorFlags: 0
  m_IsActive: 1
--- !u!108 &91168774
Light:
  m_ObjectHideFlags: 0
  m_CorrespondingSourceObject: {fileID: 0}
  m_PrefabInstance: {fileID: 0}
  m_PrefabAsset: {fileID: 0}
  m_GameObject: {fileID: 91168773}
  m_Enabled: 1
  serializedVersion: 8
  m_Type: 1
  m_Color: {r: 1, g: 0.956, b: 0.839, a: 1}
  m_Intensity: 1
  m_Range: 10
  m_SpotAngle: 30
  m_CookieSize: 10
  m_Shadows:
    m_Type: 2
    m_Resolution: -1
    m_CustomResolution: -1
    m_Strength: 1
    m_Bias: 0.05
    m_NormalBias: 0.4
    m_NearPlane: 0.2
  m_Cookie: {fileID: 0}
  m_DrawHalo: 0
  m_Flare: {fileID: 0}
  m_RenderMode: 0
  m_CullingMask:
    serializedVersion: 2
    m_Bits: 4294967295
  m_Lightmapping: 4
  m_LightShadowCasterMode: 0
  m_AreaSize: {x: 1, y: 1}
  m_BounceIntensity: 1
  m_ColorTemperature: 6570
  m_UseColorTemperature: 0
  m_ShadowRadius: 0
  m_ShadowAngle: 0
--- !u!4 &91168775
Transform:
  m_ObjectHideFlags: 0
  m_CorrespondingSourceObject: {fileID: 0}
  m_PrefabInstance: {fileID: 0}
  m_PrefabAsset: {fileID: 0}
  m_GameObject: {fileID: 91168773}
  m_LocalRotation: {x: 0.40821794, y: -0.23456973, z: 0.10938166, w: 0.8754261}
  m_LocalPosition: {x: 0, y: 3, z: 0}
  m_LocalScale: {x: 1, y: 1, z: 1}
  m_Children: []
  m_Father: {fileID: 0}
  m_RootOrder: 0
  m_LocalEulerAnglesHint: {x: 0, y: 0, z: 0}
--- !u!1 &188755981
GameObject:
  m_ObjectHideFlags: 0
  m_CorrespondingSourceObject: {fileID: 0}
  m_PrefabInstance: {fileID: 0}
  m_PrefabAsset: {fileID: 0}
  serializedVersion: 6
  m_Component:
  - component: {fileID: 188755984}
  - component: {fileID: 188755983}
  - component: {fileID: 188755982}
  m_Layer: 0
  m_Name: MultiTarget
  m_TagString: Untagged
  m_Icon: {fileID: 0}
  m_NavMeshLayer: 0
  m_StaticEditorFlags: 0
  m_IsActive: 1
--- !u!114 &188755982
MonoBehaviour:
  m_ObjectHideFlags: 0
  m_CorrespondingSourceObject: {fileID: 0}
  m_PrefabInstance: {fileID: 0}
  m_PrefabAsset: {fileID: 0}
  m_GameObject: {fileID: 188755981}
  m_Enabled: 1
  m_EditorHideFlags: 0
  m_Script: {fileID: 11500000, guid: 5a917f0af64a6423093132dab321c15f, type: 3}
  m_Name: 
  m_EditorClassIdentifier: 
--- !u!114 &188755983
MonoBehaviour:
  m_ObjectHideFlags: 0
  m_CorrespondingSourceObject: {fileID: 0}
  m_PrefabInstance: {fileID: 0}
  m_PrefabAsset: {fileID: 0}
  m_GameObject: {fileID: 188755981}
  m_Enabled: 1
  m_EditorHideFlags: 0
  m_Script: {fileID: 1568443412, guid: bab6fa851cf5a1a4bba3cec5f191cb8e, type: 3}
  m_Name: 
  m_EditorClassIdentifier: 
  mTrackableName: Shell2
  mPreserveChildSize: 0
  mInitializedInEditor: 1
  mDataSetPath: Vuforia/Shell.xml
--- !u!4 &188755984
Transform:
  m_ObjectHideFlags: 0
  m_CorrespondingSourceObject: {fileID: 0}
  m_PrefabInstance: {fileID: 0}
  m_PrefabAsset: {fileID: 0}
  m_GameObject: {fileID: 188755981}
  m_LocalRotation: {x: 0, y: 0, z: 0, w: 1}
  m_LocalPosition: {x: 0, y: 0, z: 0}
  m_LocalScale: {x: 1, y: 1, z: 1}
  m_Children:
  - {fileID: 632585411}
  - {fileID: 811366597}
  m_Father: {fileID: 0}
  m_RootOrder: 4
  m_LocalEulerAnglesHint: {x: 0, y: 0, z: 0}
--- !u!21 &332612242
Material:
  serializedVersion: 6
  m_ObjectHideFlags: 0
  m_CorrespondingSourceObject: {fileID: 0}
  m_PrefabInstance: {fileID: 0}
  m_PrefabAsset: {fileID: 0}
  m_Name: 'Shell2.Front_scaledMaterial

    13620'
  m_Shader: {fileID: 10752, guid: 0000000000000000f000000000000000, type: 0}
  m_ShaderKeywords: 
  m_LightmapFlags: 5
  m_EnableInstancingVariants: 0
  m_DoubleSidedGI: 0
  m_CustomRenderQueue: -1
  stringTagMap: {}
  disabledShaderPasses: []
  m_SavedProperties:
    serializedVersion: 3
    m_TexEnvs:
    - _MainTex:
        m_Texture: {fileID: 2800000, guid: ce7e75f8fe5941f6af6d606d8ab96000, type: 3}
        m_Scale: {x: -1, y: -1}
        m_Offset: {x: 0, y: 0}
    m_Floats: []
    m_Colors:
    - _Color: {r: 0.82089555, g: 0.82089555, b: 0.82089555, a: 1}
--- !u!1 &367756594
GameObject:
  m_ObjectHideFlags: 0
  m_CorrespondingSourceObject: {fileID: 0}
  m_PrefabInstance: {fileID: 0}
  m_PrefabAsset: {fileID: 0}
  serializedVersion: 6
  m_Component:
  - component: {fileID: 367756599}
  - component: {fileID: 367756598}
  - component: {fileID: 367756597}
  - component: {fileID: 367756596}
  - component: {fileID: 367756595}
  m_Layer: 0
  m_Name: ARCamera
  m_TagString: MainCamera
  m_Icon: {fileID: 0}
  m_NavMeshLayer: 0
  m_StaticEditorFlags: 0
  m_IsActive: 1
--- !u!114 &367756595
MonoBehaviour:
  m_ObjectHideFlags: 0
  m_CorrespondingSourceObject: {fileID: 0}
  m_PrefabInstance: {fileID: 0}
  m_PrefabAsset: {fileID: 0}
  m_GameObject: {fileID: 367756594}
  m_Enabled: 1
  m_EditorHideFlags: 0
  m_Script: {fileID: 11500000, guid: c47f92041efbb4b429a4eafca855ebe3, type: 3}
  m_Name: 
  m_EditorClassIdentifier: 
--- !u!114 &367756596
MonoBehaviour:
  m_ObjectHideFlags: 0
  m_CorrespondingSourceObject: {fileID: 0}
  m_PrefabInstance: {fileID: 0}
  m_PrefabAsset: {fileID: 0}
  m_GameObject: {fileID: 367756594}
  m_Enabled: 1
  m_EditorHideFlags: 0
  m_Script: {fileID: -1826476478, guid: bab6fa851cf5a1a4bba3cec5f191cb8e, type: 3}
  m_Name: 
  m_EditorClassIdentifier: 
  mWorldCenterMode: 2
  mWorldCenter: {fileID: 0}
--- !u!81 &367756597
AudioListener:
  m_ObjectHideFlags: 0
  m_CorrespondingSourceObject: {fileID: 0}
  m_PrefabInstance: {fileID: 0}
  m_PrefabAsset: {fileID: 0}
  m_GameObject: {fileID: 367756594}
  m_Enabled: 1
--- !u!20 &367756598
Camera:
  m_ObjectHideFlags: 0
  m_CorrespondingSourceObject: {fileID: 0}
  m_PrefabInstance: {fileID: 0}
  m_PrefabAsset: {fileID: 0}
  m_GameObject: {fileID: 367756594}
  m_Enabled: 1
  serializedVersion: 2
  m_ClearFlags: 2
  m_BackGroundColor: {r: 0, g: 0, b: 0, a: 1}
  m_projectionMatrixMode: 1
  m_SensorSize: {x: 36, y: 24}
  m_LensShift: {x: 0, y: 0}
  m_GateFitMode: 2
  m_FocalLength: 50
  m_NormalizedViewPortRect:
    serializedVersion: 2
    x: 0
    y: 0
    width: 1
    height: 1
  near clip plane: 0.05
  far clip plane: 2000
  field of view: 60
  orthographic: 0
  orthographic size: 5
  m_Depth: 1
  m_CullingMask:
    serializedVersion: 2
    m_Bits: 4294967295
  m_RenderingPath: -1
  m_TargetTexture: {fileID: 0}
  m_TargetDisplay: 0
  m_TargetEye: 3
  m_HDR: 0
  m_AllowMSAA: 1
  m_AllowDynamicResolution: 0
  m_ForceIntoRT: 0
  m_OcclusionCulling: 1
  m_StereoConvergence: 10
  m_StereoSeparation: 0.022
--- !u!4 &367756599
Transform:
  m_ObjectHideFlags: 0
  m_CorrespondingSourceObject: {fileID: 0}
  m_PrefabInstance: {fileID: 0}
  m_PrefabAsset: {fileID: 0}
  m_GameObject: {fileID: 367756594}
  m_LocalRotation: {x: 0, y: 0, z: 0, w: 1}
  m_LocalPosition: {x: 0, y: 0, z: 0}
  m_LocalScale: {x: 1, y: 1, z: 1}
  m_Children: []
  m_Father: {fileID: 0}
  m_RootOrder: 1
  m_LocalEulerAnglesHint: {x: 0, y: 0, z: 0}
--- !u!1 &440996877
GameObject:
  m_ObjectHideFlags: 0
  m_CorrespondingSourceObject: {fileID: 0}
  m_PrefabInstance: {fileID: 0}
  m_PrefabAsset: {fileID: 0}
  serializedVersion: 6
  m_Component:
  - component: {fileID: 440996878}
  - component: {fileID: 440996881}
  - component: {fileID: 440996880}
  - component: {fileID: 440996879}
  m_Layer: 0
  m_Name: Shell2.Back
  m_TagString: Untagged
  m_Icon: {fileID: 0}
  m_NavMeshLayer: 0
  m_StaticEditorFlags: 0
  m_IsActive: 0
--- !u!4 &440996878
Transform:
  m_ObjectHideFlags: 0
  m_CorrespondingSourceObject: {fileID: 0}
  m_PrefabInstance: {fileID: 0}
  m_PrefabAsset: {fileID: 0}
  m_GameObject: {fileID: 440996877}
  m_LocalRotation: {x: -0, y: 0, z: -1, w: -0.00000004371139}
  m_LocalPosition: {x: 0, y: -0.036, z: 0}
  m_LocalScale: {x: 0.072, y: 1, z: 0.072}
  m_Children: []
  m_Father: {fileID: 632585411}
  m_RootOrder: 3
  m_LocalEulerAnglesHint: {x: 0, y: 0, z: 0}
--- !u!114 &440996879
MonoBehaviour:
  m_ObjectHideFlags: 0
  m_CorrespondingSourceObject: {fileID: 0}
  m_PrefabInstance: {fileID: 0}
  m_PrefabAsset: {fileID: 0}
  m_GameObject: {fileID: 440996877}
  m_Enabled: 0
  m_EditorHideFlags: 0
  m_Script: {fileID: 1339051007, guid: bab6fa851cf5a1a4bba3cec5f191cb8e, type: 3}
  m_Name: 
  m_EditorClassIdentifier: 
  maskMaterial: {fileID: 2100000, guid: 36b1f386c1720c94889ac11ac9c8c6d1, type: 2}
--- !u!33 &440996880
MeshFilter:
  m_ObjectHideFlags: 0
  m_CorrespondingSourceObject: {fileID: 0}
  m_PrefabInstance: {fileID: 0}
  m_PrefabAsset: {fileID: 0}
  m_GameObject: {fileID: 440996877}
  m_Mesh: {fileID: 924404320}
--- !u!23 &440996881
MeshRenderer:
  m_ObjectHideFlags: 0
  m_CorrespondingSourceObject: {fileID: 0}
  m_PrefabInstance: {fileID: 0}
  m_PrefabAsset: {fileID: 0}
  m_GameObject: {fileID: 440996877}
  m_Enabled: 1
  m_CastShadows: 1
  m_ReceiveShadows: 1
  m_DynamicOccludee: 1
  m_MotionVectors: 1
  m_LightProbeUsage: 1
  m_ReflectionProbeUsage: 1
  m_RenderingLayerMask: 1
  m_RendererPriority: 0
  m_Materials:
  - {fileID: 847298633}
  m_StaticBatchInfo:
    firstSubMesh: 0
    subMeshCount: 0
  m_StaticBatchRoot: {fileID: 0}
  m_ProbeAnchor: {fileID: 0}
  m_LightProbeVolumeOverride: {fileID: 0}
  m_ScaleInLightmap: 1
  m_PreserveUVs: 0
  m_IgnoreNormalsForChartDetection: 0
  m_ImportantGI: 0
  m_StitchLightmapSeams: 0
  m_SelectedEditorRenderState: 3
  m_MinimumChartSize: 4
  m_AutoUVMaxDistance: 0.5
  m_AutoUVMaxAngle: 89
  m_LightmapParameters: {fileID: 0}
  m_SortingLayerID: 0
  m_SortingLayer: 0
  m_SortingOrder: 0
--- !u!1 &480774258
GameObject:
  m_ObjectHideFlags: 0
  m_CorrespondingSourceObject: {fileID: 0}
  m_PrefabInstance: {fileID: 0}
  m_PrefabAsset: {fileID: 0}
  serializedVersion: 6
  m_Component:
  - component: {fileID: 480774259}
  - component: {fileID: 480774262}
  - component: {fileID: 480774261}
  - component: {fileID: 480774260}
  m_Layer: 0
  m_Name: Shell2.Left
  m_TagString: Untagged
  m_Icon: {fileID: 0}
  m_NavMeshLayer: 0
  m_StaticEditorFlags: 0
  m_IsActive: 0
--- !u!4 &480774259
Transform:
  m_ObjectHideFlags: 0
  m_CorrespondingSourceObject: {fileID: 0}
  m_PrefabInstance: {fileID: 0}
  m_PrefabAsset: {fileID: 0}
  m_GameObject: {fileID: 480774258}
  m_LocalRotation: {x: 0, y: 0, z: 0.7071068, w: 0.7071068}
  m_LocalPosition: {x: -0.036, y: 0, z: 0}
  m_LocalScale: {x: 0.072, y: 1, z: 0.072}
  m_Children: []
  m_Father: {fileID: 632585411}
  m_RootOrder: 0
  m_LocalEulerAnglesHint: {x: 0, y: 0, z: 0}
--- !u!114 &480774260
MonoBehaviour:
  m_ObjectHideFlags: 0
  m_CorrespondingSourceObject: {fileID: 0}
  m_PrefabInstance: {fileID: 0}
  m_PrefabAsset: {fileID: 0}
  m_GameObject: {fileID: 480774258}
  m_Enabled: 0
  m_EditorHideFlags: 0
  m_Script: {fileID: 1339051007, guid: bab6fa851cf5a1a4bba3cec5f191cb8e, type: 3}
  m_Name: 
  m_EditorClassIdentifier: 
  maskMaterial: {fileID: 2100000, guid: 36b1f386c1720c94889ac11ac9c8c6d1, type: 2}
--- !u!33 &480774261
MeshFilter:
  m_ObjectHideFlags: 0
  m_CorrespondingSourceObject: {fileID: 0}
  m_PrefabInstance: {fileID: 0}
  m_PrefabAsset: {fileID: 0}
  m_GameObject: {fileID: 480774258}
  m_Mesh: {fileID: 924404320}
--- !u!23 &480774262
MeshRenderer:
  m_ObjectHideFlags: 0
  m_CorrespondingSourceObject: {fileID: 0}
  m_PrefabInstance: {fileID: 0}
  m_PrefabAsset: {fileID: 0}
  m_GameObject: {fileID: 480774258}
  m_Enabled: 1
  m_CastShadows: 1
  m_ReceiveShadows: 1
  m_DynamicOccludee: 1
  m_MotionVectors: 1
  m_LightProbeUsage: 1
  m_ReflectionProbeUsage: 1
  m_RenderingLayerMask: 1
  m_RendererPriority: 0
  m_Materials:
  - {fileID: 1962437610}
  m_StaticBatchInfo:
    firstSubMesh: 0
    subMeshCount: 0
  m_StaticBatchRoot: {fileID: 0}
  m_ProbeAnchor: {fileID: 0}
  m_LightProbeVolumeOverride: {fileID: 0}
  m_ScaleInLightmap: 1
  m_PreserveUVs: 0
  m_IgnoreNormalsForChartDetection: 0
  m_ImportantGI: 0
  m_StitchLightmapSeams: 0
  m_SelectedEditorRenderState: 3
  m_MinimumChartSize: 4
  m_AutoUVMaxDistance: 0.5
  m_AutoUVMaxAngle: 89
  m_LightmapParameters: {fileID: 0}
  m_SortingLayerID: 0
  m_SortingLayer: 0
  m_SortingOrder: 0
--- !u!1 &632585410
GameObject:
  m_ObjectHideFlags: 0
  m_CorrespondingSourceObject: {fileID: 0}
  m_PrefabInstance: {fileID: 0}
  m_PrefabAsset: {fileID: 0}
  serializedVersion: 6
  m_Component:
  - component: {fileID: 632585411}
  m_Layer: 0
  m_Name: ChildTargets
  m_TagString: Untagged
  m_Icon: {fileID: 0}
  m_NavMeshLayer: 0
  m_StaticEditorFlags: 0
  m_IsActive: 1
--- !u!4 &632585411
Transform:
  m_ObjectHideFlags: 0
  m_CorrespondingSourceObject: {fileID: 0}
  m_PrefabInstance: {fileID: 0}
  m_PrefabAsset: {fileID: 0}
  m_GameObject: {fileID: 632585410}
  m_LocalRotation: {x: 0, y: 0, z: 0, w: 1}
  m_LocalPosition: {x: 0, y: 0, z: 0}
  m_LocalScale: {x: 1, y: 1, z: 1}
  m_Children:
  - {fileID: 480774259}
  - {fileID: 1497102683}
  - {fileID: 2055589998}
  - {fileID: 440996878}
  - {fileID: 1422103323}
  - {fileID: 1512692698}
  m_Father: {fileID: 188755984}
  m_RootOrder: 0
  m_LocalEulerAnglesHint: {x: 0, y: 0, z: 0}
--- !u!1001 &811366596
PrefabInstance:
  m_ObjectHideFlags: 0
  serializedVersion: 2
  m_Modification:
    m_TransformParent: {fileID: 188755984}
    m_Modifications:
    - target: {fileID: 8245918018867362411, guid: 88519f9be05481345a62f9996d90bcc1,
        type: 3}
      propertyPath: m_Name
      value: SideRoot
      objectReference: {fileID: 0}
    - target: {fileID: 8245918018867362411, guid: 88519f9be05481345a62f9996d90bcc1,
        type: 3}
      propertyPath: m_IsActive
      value: 1
      objectReference: {fileID: 0}
    - target: {fileID: 8242618152140585167, guid: 88519f9be05481345a62f9996d90bcc1,
        type: 3}
      propertyPath: m_LocalPosition.x
      value: 0
      objectReference: {fileID: 0}
    - target: {fileID: 8242618152140585167, guid: 88519f9be05481345a62f9996d90bcc1,
        type: 3}
      propertyPath: m_LocalPosition.y
      value: 0
      objectReference: {fileID: 0}
    - target: {fileID: 8242618152140585167, guid: 88519f9be05481345a62f9996d90bcc1,
        type: 3}
      propertyPath: m_LocalPosition.z
      value: 0
      objectReference: {fileID: 0}
    - target: {fileID: 8242618152140585167, guid: 88519f9be05481345a62f9996d90bcc1,
        type: 3}
      propertyPath: m_LocalRotation.x
      value: 0
      objectReference: {fileID: 0}
    - target: {fileID: 8242618152140585167, guid: 88519f9be05481345a62f9996d90bcc1,
        type: 3}
      propertyPath: m_LocalRotation.y
      value: 0
      objectReference: {fileID: 0}
    - target: {fileID: 8242618152140585167, guid: 88519f9be05481345a62f9996d90bcc1,
        type: 3}
      propertyPath: m_LocalRotation.z
      value: 0
      objectReference: {fileID: 0}
    - target: {fileID: 8242618152140585167, guid: 88519f9be05481345a62f9996d90bcc1,
        type: 3}
      propertyPath: m_LocalRotation.w
      value: 1
      objectReference: {fileID: 0}
    - target: {fileID: 8242618152140585167, guid: 88519f9be05481345a62f9996d90bcc1,
        type: 3}
      propertyPath: m_RootOrder
      value: 1
      objectReference: {fileID: 0}
    - target: {fileID: 8242618152140585167, guid: 88519f9be05481345a62f9996d90bcc1,
        type: 3}
      propertyPath: m_LocalEulerAnglesHint.x
      value: 0
      objectReference: {fileID: 0}
    - target: {fileID: 8242618152140585167, guid: 88519f9be05481345a62f9996d90bcc1,
        type: 3}
      propertyPath: m_LocalEulerAnglesHint.y
      value: 0
      objectReference: {fileID: 0}
    - target: {fileID: 8242618152140585167, guid: 88519f9be05481345a62f9996d90bcc1,
        type: 3}
      propertyPath: m_LocalEulerAnglesHint.z
      value: 0
      objectReference: {fileID: 0}
    - target: {fileID: 8242618152140585167, guid: 88519f9be05481345a62f9996d90bcc1,
        type: 3}
      propertyPath: m_LocalScale.x
      value: 0.075
      objectReference: {fileID: 0}
    - target: {fileID: 8242618152140585167, guid: 88519f9be05481345a62f9996d90bcc1,
        type: 3}
      propertyPath: m_LocalScale.y
      value: 0.075
      objectReference: {fileID: 0}
    - target: {fileID: 8242618152140585167, guid: 88519f9be05481345a62f9996d90bcc1,
        type: 3}
      propertyPath: m_LocalScale.z
      value: 0.075
      objectReference: {fileID: 0}
    - target: {fileID: 7796950617697154909, guid: 88519f9be05481345a62f9996d90bcc1,
        type: 3}
      propertyPath: m_IsActive
      value: 1
      objectReference: {fileID: 0}
    - target: {fileID: 7796950616571544408, guid: 88519f9be05481345a62f9996d90bcc1,
        type: 3}
      propertyPath: m_Name
      value: FrontSide
      objectReference: {fileID: 0}
    - target: {fileID: 7796950616571544408, guid: 88519f9be05481345a62f9996d90bcc1,
        type: 3}
      propertyPath: m_IsActive
      value: 1
      objectReference: {fileID: 0}
    - target: {fileID: 7796950616567267488, guid: 88519f9be05481345a62f9996d90bcc1,
        type: 3}
      propertyPath: m_Name
      value: BackSide
      objectReference: {fileID: 0}
    - target: {fileID: 7796950616567267488, guid: 88519f9be05481345a62f9996d90bcc1,
        type: 3}
      propertyPath: m_IsActive
      value: 1
      objectReference: {fileID: 0}
    - target: {fileID: 7796950617194384964, guid: 88519f9be05481345a62f9996d90bcc1,
        type: 3}
      propertyPath: m_Name
      value: LeftSide
      objectReference: {fileID: 0}
    - target: {fileID: 7796950617194384964, guid: 88519f9be05481345a62f9996d90bcc1,
        type: 3}
      propertyPath: m_IsActive
      value: 1
      objectReference: {fileID: 0}
    - target: {fileID: 7796950616444580202, guid: 88519f9be05481345a62f9996d90bcc1,
        type: 3}
      propertyPath: m_Name
      value: RightSide
      objectReference: {fileID: 0}
    - target: {fileID: 7796950616444580202, guid: 88519f9be05481345a62f9996d90bcc1,
        type: 3}
      propertyPath: m_IsActive
      value: 1
      objectReference: {fileID: 0}
    - target: {fileID: 8245156875121601282, guid: 88519f9be05481345a62f9996d90bcc1,
        type: 3}
      propertyPath: m_IsActive
      value: 1
      objectReference: {fileID: 0}
    - target: {fileID: 8245156875318482367, guid: 88519f9be05481345a62f9996d90bcc1,
        type: 3}
      propertyPath: videoClips.Array.size
      value: 6
      objectReference: {fileID: 0}
    - target: {fileID: 8245156875318482367, guid: 88519f9be05481345a62f9996d90bcc1,
        type: 3}
      propertyPath: videoClips.Array.data[0]
      value: 
      objectReference: {fileID: 32900000, guid: f34ab31407cf1de47846f422c6749a39,
        type: 3}
    - target: {fileID: 8245156875318482367, guid: 88519f9be05481345a62f9996d90bcc1,
        type: 3}
      propertyPath: videoClips.Array.data[1]
      value: 
      objectReference: {fileID: 32900000, guid: f83172bb7799ff2438550c2005b56b0c,
        type: 3}
    - target: {fileID: 8245156875318482367, guid: 88519f9be05481345a62f9996d90bcc1,
        type: 3}
      propertyPath: videoClips.Array.data[2]
      value: 
      objectReference: {fileID: 32900000, guid: 730fbf571480a9d4da095a44819e9fdd,
        type: 3}
    - target: {fileID: 8245156875318482367, guid: 88519f9be05481345a62f9996d90bcc1,
        type: 3}
      propertyPath: videoClips.Array.data[3]
      value: 
      objectReference: {fileID: 32900000, guid: 98155117890d95846a99900e8b6a9e31,
        type: 3}
    - target: {fileID: 8245156875318482367, guid: 88519f9be05481345a62f9996d90bcc1,
        type: 3}
      propertyPath: videoClips.Array.data[4]
      value: 
      objectReference: {fileID: 32900000, guid: d2fc3d4087f180c488123f35a39bfa8c,
        type: 3}
    - target: {fileID: 8245156875318482367, guid: 88519f9be05481345a62f9996d90bcc1,
        type: 3}
      propertyPath: videoClips.Array.data[5]
      value: 
      objectReference: {fileID: 32900000, guid: f34ab31407cf1de47846f422c6749a39,
        type: 3}
    - target: {fileID: 8245156875318482367, guid: 88519f9be05481345a62f9996d90bcc1,
        type: 3}
      propertyPath: videoPlayer
      value: 
      objectReference: {fileID: 811366607}
    - target: {fileID: 8245156875955162347, guid: 88519f9be05481345a62f9996d90bcc1,
        type: 3}
      propertyPath: m_IsActive
      value: 1
      objectReference: {fileID: 0}
    - target: {fileID: 7796950616530056520, guid: 88519f9be05481345a62f9996d90bcc1,
        type: 3}
      propertyPath: m_IsActive
      value: 1
      objectReference: {fileID: 0}
    - target: {fileID: 7796950616770455652, guid: 88519f9be05481345a62f9996d90bcc1,
        type: 3}
      propertyPath: m_IsActive
      value: 1
      objectReference: {fileID: 0}
    - target: {fileID: 7796950616985155668, guid: 88519f9be05481345a62f9996d90bcc1,
        type: 3}
      propertyPath: m_IsActive
      value: 1
      objectReference: {fileID: 0}
    - target: {fileID: 7796950617122540134, guid: 88519f9be05481345a62f9996d90bcc1,
        type: 3}
      propertyPath: m_IsActive
      value: 1
      objectReference: {fileID: 0}
    - target: {fileID: 7796950617232669612, guid: 88519f9be05481345a62f9996d90bcc1,
        type: 3}
      propertyPath: m_IsActive
      value: 1
      objectReference: {fileID: 0}
    - target: {fileID: 7796950617341432189, guid: 88519f9be05481345a62f9996d90bcc1,
        type: 3}
      propertyPath: m_IsActive
      value: 1
      objectReference: {fileID: 0}
    - target: {fileID: 7796950617792371809, guid: 88519f9be05481345a62f9996d90bcc1,
        type: 3}
      propertyPath: m_IsActive
      value: 1
      objectReference: {fileID: 0}
    - target: {fileID: 7796950617925447251, guid: 88519f9be05481345a62f9996d90bcc1,
        type: 3}
      propertyPath: m_IsActive
      value: 1
      objectReference: {fileID: 0}
    - target: {fileID: 7796950618031333273, guid: 88519f9be05481345a62f9996d90bcc1,
        type: 3}
      propertyPath: m_IsActive
      value: 1
      objectReference: {fileID: 0}
    - target: {fileID: 7796950618109824081, guid: 88519f9be05481345a62f9996d90bcc1,
        type: 3}
      propertyPath: m_IsActive
      value: 1
      objectReference: {fileID: 0}
    - target: {fileID: 8245156874046965349, guid: 88519f9be05481345a62f9996d90bcc1,
        type: 3}
      propertyPath: m_IsActive
      value: 1
      objectReference: {fileID: 0}
    - target: {fileID: 8245156874059367578, guid: 88519f9be05481345a62f9996d90bcc1,
        type: 3}
      propertyPath: m_IsActive
      value: 1
      objectReference: {fileID: 0}
    - target: {fileID: 8245156874288153034, guid: 88519f9be05481345a62f9996d90bcc1,
        type: 3}
      propertyPath: m_IsActive
      value: 1
      objectReference: {fileID: 0}
    - target: {fileID: 8245156874974557243, guid: 88519f9be05481345a62f9996d90bcc1,
        type: 3}
      propertyPath: m_IsActive
      value: 1
      objectReference: {fileID: 0}
    - target: {fileID: 8245156875372942462, guid: 88519f9be05481345a62f9996d90bcc1,
        type: 3}
      propertyPath: m_IsActive
      value: 1
      objectReference: {fileID: 0}
    - target: {fileID: 8245156875420181025, guid: 88519f9be05481345a62f9996d90bcc1,
        type: 3}
      propertyPath: m_IsActive
      value: 1
      objectReference: {fileID: 0}
    - target: {fileID: 8245156875781607438, guid: 88519f9be05481345a62f9996d90bcc1,
        type: 3}
      propertyPath: m_IsActive
      value: 1
      objectReference: {fileID: 0}
    - target: {fileID: 8245156876117092573, guid: 88519f9be05481345a62f9996d90bcc1,
        type: 3}
      propertyPath: m_IsActive
      value: 1
      objectReference: {fileID: 0}
    - target: {fileID: 8245156874046965345, guid: 88519f9be05481345a62f9996d90bcc1,
        type: 3}
      propertyPath: m_Mesh
      value: 
      objectReference: {fileID: 10210, guid: 0000000000000000e000000000000000, type: 0}
    - target: {fileID: 8245156874046965350, guid: 88519f9be05481345a62f9996d90bcc1,
        type: 3}
      propertyPath: m_Materials.Array.data[0]
      value: 
      objectReference: {fileID: 2100000, guid: c79967d82445e0b4c8a528061e5aa7ea, type: 2}
    - target: {fileID: 8245156874059367558, guid: 88519f9be05481345a62f9996d90bcc1,
        type: 3}
      propertyPath: m_Mesh
      value: 
      objectReference: {fileID: 10210, guid: 0000000000000000e000000000000000, type: 0}
    - target: {fileID: 8245156874059367559, guid: 88519f9be05481345a62f9996d90bcc1,
        type: 3}
      propertyPath: m_Materials.Array.data[0]
      value: 
      objectReference: {fileID: 2100000, guid: 18cbd8a8939e4134ca6140d00af5d6ce, type: 2}
    - target: {fileID: 8245156874288152886, guid: 88519f9be05481345a62f9996d90bcc1,
        type: 3}
      propertyPath: m_Mesh
      value: 
      objectReference: {fileID: 10210, guid: 0000000000000000e000000000000000, type: 0}
    - target: {fileID: 8245156874288152887, guid: 88519f9be05481345a62f9996d90bcc1,
        type: 3}
      propertyPath: m_Materials.Array.data[0]
      value: 
      objectReference: {fileID: 2100000, guid: 611a16d3cde3f0449bb8db4e7c7fa065, type: 2}
    - target: {fileID: 8245156875372942458, guid: 88519f9be05481345a62f9996d90bcc1,
        type: 3}
      propertyPath: m_Mesh
      value: 
      objectReference: {fileID: 10210, guid: 0000000000000000e000000000000000, type: 0}
    - target: {fileID: 8245156875372942459, guid: 88519f9be05481345a62f9996d90bcc1,
        type: 3}
      propertyPath: m_Materials.Array.data[0]
      value: 
      objectReference: {fileID: 2100000, guid: 02bad80e11e172348a08412cdc9fda99, type: 2}
    - target: {fileID: 8245156875420181037, guid: 88519f9be05481345a62f9996d90bcc1,
        type: 3}
      propertyPath: m_Mesh
      value: 
      objectReference: {fileID: 10210, guid: 0000000000000000e000000000000000, type: 0}
    - target: {fileID: 8245156875420181026, guid: 88519f9be05481345a62f9996d90bcc1,
        type: 3}
      propertyPath: m_Materials.Array.data[0]
      value: 
      objectReference: {fileID: 2100000, guid: cd5b86a4768973240bd85e528ea654c9, type: 2}
    - target: {fileID: 8245156876117092569, guid: 88519f9be05481345a62f9996d90bcc1,
        type: 3}
      propertyPath: m_Mesh
      value: 
      objectReference: {fileID: 10210, guid: 0000000000000000e000000000000000, type: 0}
    - target: {fileID: 8245156876117092574, guid: 88519f9be05481345a62f9996d90bcc1,
        type: 3}
      propertyPath: m_Materials.Array.data[0]
      value: 
      objectReference: {fileID: 2100000, guid: 6f7da79fc396bbe4fb94b2bd46ba4701, type: 2}
    m_RemovedComponents:
    - {fileID: 7796950616571544410, guid: 88519f9be05481345a62f9996d90bcc1, type: 3}
    - {fileID: 7796950616567267490, guid: 88519f9be05481345a62f9996d90bcc1, type: 3}
    - {fileID: 7796950617194384966, guid: 88519f9be05481345a62f9996d90bcc1, type: 3}
    - {fileID: 7796950616444580200, guid: 88519f9be05481345a62f9996d90bcc1, type: 3}
    - {fileID: 7796950617697154911, guid: 88519f9be05481345a62f9996d90bcc1, type: 3}
    - {fileID: 8245156875121601280, guid: 88519f9be05481345a62f9996d90bcc1, type: 3}
    - {fileID: 8245156876117092575, guid: 88519f9be05481345a62f9996d90bcc1, type: 3}
    - {fileID: 8245156875420181027, guid: 88519f9be05481345a62f9996d90bcc1, type: 3}
    - {fileID: 8245156875372942456, guid: 88519f9be05481345a62f9996d90bcc1, type: 3}
    - {fileID: 8245156874288152884, guid: 88519f9be05481345a62f9996d90bcc1, type: 3}
    - {fileID: 8245156874059367556, guid: 88519f9be05481345a62f9996d90bcc1, type: 3}
    - {fileID: 8245156874046965351, guid: 88519f9be05481345a62f9996d90bcc1, type: 3}
  m_SourcePrefab: {fileID: 100100000, guid: 88519f9be05481345a62f9996d90bcc1, type: 3}
--- !u!4 &811366597 stripped
Transform:
  m_CorrespondingSourceObject: {fileID: 8242618152140585167, guid: 88519f9be05481345a62f9996d90bcc1,
    type: 3}
  m_PrefabInstance: {fileID: 811366596}
  m_PrefabAsset: {fileID: 0}
--- !u!1 &811366598 stripped
GameObject:
  m_CorrespondingSourceObject: {fileID: 7796950616571544408, guid: 88519f9be05481345a62f9996d90bcc1,
    type: 3}
  m_PrefabInstance: {fileID: 811366596}
  m_PrefabAsset: {fileID: 0}
--- !u!1 &811366599 stripped
GameObject:
  m_CorrespondingSourceObject: {fileID: 7796950616567267488, guid: 88519f9be05481345a62f9996d90bcc1,
    type: 3}
  m_PrefabInstance: {fileID: 811366596}
  m_PrefabAsset: {fileID: 0}
--- !u!1 &811366600 stripped
GameObject:
  m_CorrespondingSourceObject: {fileID: 7796950617194384964, guid: 88519f9be05481345a62f9996d90bcc1,
    type: 3}
  m_PrefabInstance: {fileID: 811366596}
  m_PrefabAsset: {fileID: 0}
--- !u!1 &811366601 stripped
GameObject:
  m_CorrespondingSourceObject: {fileID: 7796950616444580202, guid: 88519f9be05481345a62f9996d90bcc1,
    type: 3}
  m_PrefabInstance: {fileID: 811366596}
  m_PrefabAsset: {fileID: 0}
--- !u!1 &811366602 stripped
GameObject:
  m_CorrespondingSourceObject: {fileID: 7796950617697154909, guid: 88519f9be05481345a62f9996d90bcc1,
    type: 3}
  m_PrefabInstance: {fileID: 811366596}
  m_PrefabAsset: {fileID: 0}
--- !u!1 &811366603 stripped
GameObject:
  m_CorrespondingSourceObject: {fileID: 8245156875121601282, guid: 88519f9be05481345a62f9996d90bcc1,
    type: 3}
  m_PrefabInstance: {fileID: 811366596}
  m_PrefabAsset: {fileID: 0}
--- !u!1 &811366604 stripped
GameObject:
  m_CorrespondingSourceObject: {fileID: 8245918018867362411, guid: 88519f9be05481345a62f9996d90bcc1,
    type: 3}
  m_PrefabInstance: {fileID: 811366596}
  m_PrefabAsset: {fileID: 0}
--- !u!114 &811366605
MonoBehaviour:
  m_ObjectHideFlags: 0
  m_CorrespondingSourceObject: {fileID: 0}
  m_PrefabInstance: {fileID: 0}
  m_PrefabAsset: {fileID: 0}
  m_GameObject: {fileID: 811366604}
  m_Enabled: 1
  m_EditorHideFlags: 0
  m_Script: {fileID: 11500000, guid: 92bfb664e2c150c47954975779884d14, type: 3}
  m_Name: 
  m_EditorClassIdentifier: 
  _sideGameObjects:
  - {fileID: 811366603}
  - {fileID: 811366602}
  - {fileID: 811366601}
  - {fileID: 811366600}
  - {fileID: 811366599}
  - {fileID: 811366598}
--- !u!114 &811366606
MonoBehaviour:
  m_ObjectHideFlags: 0
  m_CorrespondingSourceObject: {fileID: 0}
  m_PrefabInstance: {fileID: 0}
  m_PrefabAsset: {fileID: 0}
  m_GameObject: {fileID: 811366604}
  m_Enabled: 1
  m_EditorHideFlags: 0
  m_Script: {fileID: 11500000, guid: 338adee08cde2b6459f63951502e52b0, type: 3}
  m_Name: 
  m_EditorClassIdentifier: 
--- !u!328 &811366607 stripped
VideoPlayer:
  m_CorrespondingSourceObject: {fileID: 8245156875318482355, guid: 88519f9be05481345a62f9996d90bcc1,
    type: 3}
  m_PrefabInstance: {fileID: 811366596}
  m_PrefabAsset: {fileID: 0}
--- !u!4 &811366608 stripped
Transform:
  m_CorrespondingSourceObject: {fileID: 8245156874288152885, guid: 88519f9be05481345a62f9996d90bcc1,
    type: 3}
  m_PrefabInstance: {fileID: 811366596}
  m_PrefabAsset: {fileID: 0}
--- !u!4 &811366611 stripped
Transform:
  m_CorrespondingSourceObject: {fileID: 8245156874046965348, guid: 88519f9be05481345a62f9996d90bcc1,
    type: 3}
  m_PrefabInstance: {fileID: 811366596}
  m_PrefabAsset: {fileID: 0}
--- !u!4 &811366614 stripped
Transform:
  m_CorrespondingSourceObject: {fileID: 8245156874059367557, guid: 88519f9be05481345a62f9996d90bcc1,
    type: 3}
  m_PrefabInstance: {fileID: 811366596}
  m_PrefabAsset: {fileID: 0}
--- !u!4 &811366617 stripped
Transform:
  m_CorrespondingSourceObject: {fileID: 8245156876117092572, guid: 88519f9be05481345a62f9996d90bcc1,
    type: 3}
  m_PrefabInstance: {fileID: 811366596}
  m_PrefabAsset: {fileID: 0}
--- !u!4 &811366620 stripped
Transform:
  m_CorrespondingSourceObject: {fileID: 8245156875420181024, guid: 88519f9be05481345a62f9996d90bcc1,
    type: 3}
  m_PrefabInstance: {fileID: 811366596}
  m_PrefabAsset: {fileID: 0}
--- !u!4 &811366623 stripped
Transform:
  m_CorrespondingSourceObject: {fileID: 8245156875372942457, guid: 88519f9be05481345a62f9996d90bcc1,
    type: 3}
  m_PrefabInstance: {fileID: 811366596}
  m_PrefabAsset: {fileID: 0}
--- !u!114 &811366626
MonoBehaviour:
  m_ObjectHideFlags: 0
  m_CorrespondingSourceObject: {fileID: 0}
  m_PrefabInstance: {fileID: 0}
  m_PrefabAsset: {fileID: 0}
  m_GameObject: {fileID: 811366598}
  m_Enabled: 1
  m_EditorHideFlags: 0
  m_Script: {fileID: 11500000, guid: bfaf3cf563616f3499d01961ba2b54a5, type: 3}
  m_Name: 
  m_EditorClassIdentifier: 
  openTime: 1.75
  _iconTransform: {fileID: 811366608}
  sideLocation: 4
  openAnimation: {fileID: 0}
--- !u!114 &811366627
MonoBehaviour:
  m_ObjectHideFlags: 0
  m_CorrespondingSourceObject: {fileID: 0}
  m_PrefabInstance: {fileID: 0}
  m_PrefabAsset: {fileID: 0}
  m_GameObject: {fileID: 811366599}
  m_Enabled: 1
  m_EditorHideFlags: 0
  m_Script: {fileID: 11500000, guid: bfaf3cf563616f3499d01961ba2b54a5, type: 3}
  m_Name: 
  m_EditorClassIdentifier: 
  openTime: 1.75
  _iconTransform: {fileID: 811366611}
  sideLocation: 5
  openAnimation: {fileID: 0}
--- !u!114 &811366628
MonoBehaviour:
  m_ObjectHideFlags: 0
  m_CorrespondingSourceObject: {fileID: 0}
  m_PrefabInstance: {fileID: 0}
  m_PrefabAsset: {fileID: 0}
  m_GameObject: {fileID: 811366600}
  m_Enabled: 1
  m_EditorHideFlags: 0
  m_Script: {fileID: 11500000, guid: bfaf3cf563616f3499d01961ba2b54a5, type: 3}
  m_Name: 
  m_EditorClassIdentifier: 
  openTime: 1.75
  _iconTransform: {fileID: 811366614}
  sideLocation: 2
  openAnimation: {fileID: 0}
--- !u!114 &811366629
MonoBehaviour:
  m_ObjectHideFlags: 0
  m_CorrespondingSourceObject: {fileID: 0}
  m_PrefabInstance: {fileID: 0}
  m_PrefabAsset: {fileID: 0}
  m_GameObject: {fileID: 811366601}
  m_Enabled: 1
  m_EditorHideFlags: 0
  m_Script: {fileID: 11500000, guid: bfaf3cf563616f3499d01961ba2b54a5, type: 3}
  m_Name: 
  m_EditorClassIdentifier: 
  openTime: 1.75
  _iconTransform: {fileID: 811366617}
  sideLocation: 3
  openAnimation: {fileID: 0}
--- !u!114 &811366630
MonoBehaviour:
  m_ObjectHideFlags: 0
  m_CorrespondingSourceObject: {fileID: 0}
  m_PrefabInstance: {fileID: 0}
  m_PrefabAsset: {fileID: 0}
  m_GameObject: {fileID: 811366602}
  m_Enabled: 1
  m_EditorHideFlags: 0
  m_Script: {fileID: 11500000, guid: bfaf3cf563616f3499d01961ba2b54a5, type: 3}
  m_Name: 
  m_EditorClassIdentifier: 
  openTime: 1.75
  _iconTransform: {fileID: 811366620}
  sideLocation: 0
  openAnimation: {fileID: 0}
--- !u!114 &811366631
MonoBehaviour:
  m_ObjectHideFlags: 0
  m_CorrespondingSourceObject: {fileID: 0}
  m_PrefabInstance: {fileID: 0}
  m_PrefabAsset: {fileID: 0}
  m_GameObject: {fileID: 811366603}
  m_Enabled: 1
  m_EditorHideFlags: 0
  m_Script: {fileID: 11500000, guid: bfaf3cf563616f3499d01961ba2b54a5, type: 3}
  m_Name: 
  m_EditorClassIdentifier: 
  openTime: 1.75
  _iconTransform: {fileID: 811366623}
  sideLocation: 1
  openAnimation: {fileID: 0}
--- !u!114 &811366638
MonoBehaviour:
  m_ObjectHideFlags: 0
  m_CorrespondingSourceObject: {fileID: 0}
  m_PrefabInstance: {fileID: 0}
  m_PrefabAsset: {fileID: 0}
  m_GameObject: {fileID: 811366604}
  m_Enabled: 1
  m_EditorHideFlags: 0
  m_Script: {fileID: 11500000, guid: a45fff316e93b2c4da3bcef2a03598e6, type: 3}
  m_Name: 
  m_EditorClassIdentifier: 
--- !u!1001 &838154498
PrefabInstance:
  m_ObjectHideFlags: 0
  serializedVersion: 2
  m_Modification:
    m_TransformParent: {fileID: 0}
    m_Modifications:
    - target: {fileID: 1205223321905062, guid: 6705e00f1354b4b00a61383caca76ae4, type: 3}
      propertyPath: m_Name
      value: MergeMultiTarget
      objectReference: {fileID: 0}
    - target: {fileID: 1205223321905062, guid: 6705e00f1354b4b00a61383caca76ae4, type: 3}
      propertyPath: m_IsActive
      value: 0
      objectReference: {fileID: 0}
    - target: {fileID: 4165218797218084, guid: 6705e00f1354b4b00a61383caca76ae4, type: 3}
      propertyPath: m_LocalPosition.x
      value: 0
      objectReference: {fileID: 0}
    - target: {fileID: 4165218797218084, guid: 6705e00f1354b4b00a61383caca76ae4, type: 3}
      propertyPath: m_LocalPosition.y
      value: 0
      objectReference: {fileID: 0}
    - target: {fileID: 4165218797218084, guid: 6705e00f1354b4b00a61383caca76ae4, type: 3}
      propertyPath: m_LocalPosition.z
      value: 0
      objectReference: {fileID: 0}
    - target: {fileID: 4165218797218084, guid: 6705e00f1354b4b00a61383caca76ae4, type: 3}
      propertyPath: m_LocalRotation.x
      value: 0
      objectReference: {fileID: 0}
    - target: {fileID: 4165218797218084, guid: 6705e00f1354b4b00a61383caca76ae4, type: 3}
      propertyPath: m_LocalRotation.y
      value: 0
      objectReference: {fileID: 0}
    - target: {fileID: 4165218797218084, guid: 6705e00f1354b4b00a61383caca76ae4, type: 3}
      propertyPath: m_LocalRotation.z
      value: 0
      objectReference: {fileID: 0}
    - target: {fileID: 4165218797218084, guid: 6705e00f1354b4b00a61383caca76ae4, type: 3}
      propertyPath: m_LocalRotation.w
      value: 1
      objectReference: {fileID: 0}
    - target: {fileID: 4165218797218084, guid: 6705e00f1354b4b00a61383caca76ae4, type: 3}
      propertyPath: m_RootOrder
      value: 2
      objectReference: {fileID: 0}
    - target: {fileID: 4165218797218084, guid: 6705e00f1354b4b00a61383caca76ae4, type: 3}
      propertyPath: m_LocalEulerAnglesHint.x
      value: 0
      objectReference: {fileID: 0}
    - target: {fileID: 4165218797218084, guid: 6705e00f1354b4b00a61383caca76ae4, type: 3}
      propertyPath: m_LocalEulerAnglesHint.y
      value: 0
      objectReference: {fileID: 0}
    - target: {fileID: 4165218797218084, guid: 6705e00f1354b4b00a61383caca76ae4, type: 3}
      propertyPath: m_LocalEulerAnglesHint.z
      value: 0
      objectReference: {fileID: 0}
    - target: {fileID: 1826916072609582, guid: 6705e00f1354b4b00a61383caca76ae4, type: 3}
      propertyPath: m_IsActive
      value: 0
      objectReference: {fileID: 0}
    m_RemovedComponents: []
  m_SourcePrefab: {fileID: 100100000, guid: 6705e00f1354b4b00a61383caca76ae4, type: 3}
--- !u!21 &847298633
Material:
  serializedVersion: 6
  m_ObjectHideFlags: 0
  m_CorrespondingSourceObject: {fileID: 0}
  m_PrefabInstance: {fileID: 0}
  m_PrefabAsset: {fileID: 0}
  m_Name: 'Shell2.Back_scaledMaterial

    13620'
  m_Shader: {fileID: 10752, guid: 0000000000000000f000000000000000, type: 0}
  m_ShaderKeywords: 
  m_LightmapFlags: 5
  m_EnableInstancingVariants: 0
  m_DoubleSidedGI: 0
  m_CustomRenderQueue: -1
  stringTagMap: {}
  disabledShaderPasses: []
  m_SavedProperties:
    serializedVersion: 3
    m_TexEnvs:
    - _MainTex:
        m_Texture: {fileID: 2800000, guid: 5d846996327d4775903e5d9c129bc135, type: 3}
        m_Scale: {x: -1, y: -1}
        m_Offset: {x: 0, y: 0}
    m_Floats: []
    m_Colors:
    - _Color: {r: 0.82089555, g: 0.82089555, b: 0.82089555, a: 1}
--- !u!43 &924404320
Mesh:
  m_ObjectHideFlags: 0
  m_CorrespondingSourceObject: {fileID: 0}
  m_PrefabInstance: {fileID: 0}
  m_PrefabAsset: {fileID: 0}
  m_Name: 
  serializedVersion: 9
  m_SubMeshes:
  - serializedVersion: 2
    firstByte: 0
    indexCount: 6
    topology: 0
    baseVertex: 0
    firstVertex: 0
    vertexCount: 4
    localAABB:
      m_Center: {x: 0, y: 0, z: 0}
      m_Extent: {x: 0.5, y: 0, z: 0.5}
  m_Shapes:
    vertices: []
    shapes: []
    channels: []
    fullWeights: []
  m_BindPose: []
  m_BoneNameHashes: 
  m_RootBoneNameHash: 0
  m_MeshCompression: 0
  m_IsReadable: 1
  m_KeepVertices: 1
  m_KeepIndices: 1
  m_IndexFormat: 0
  m_IndexBuffer: 000001000200020001000300
  m_VertexData:
    serializedVersion: 2
    m_VertexCount: 4
    m_Channels:
    - stream: 0
      offset: 0
      format: 0
      dimension: 3
    - stream: 0
      offset: 12
      format: 0
      dimension: 3
    - stream: 0
      offset: 0
      format: 0
      dimension: 0
    - stream: 0
      offset: 0
      format: 0
      dimension: 0
    - stream: 0
      offset: 24
      format: 0
      dimension: 2
    - stream: 0
      offset: 0
      format: 0
      dimension: 0
    - stream: 0
      offset: 0
      format: 0
      dimension: 0
    - stream: 0
      offset: 0
      format: 0
      dimension: 0
    - stream: 0
      offset: 0
      format: 0
      dimension: 0
    - stream: 0
      offset: 0
      format: 0
      dimension: 0
    - stream: 0
      offset: 0
      format: 0
      dimension: 0
    - stream: 0
      offset: 0
      format: 0
      dimension: 0
    - stream: 0
      offset: 0
      format: 0
      dimension: 0
    - stream: 0
      offset: 0
      format: 0
      dimension: 0
    m_DataSize: 128
    _typelessdata: 000000bf00000000000000bf000000000000803f000000000000803f0000803f000000bf000000000000003f000000000000803f000000000000803f000000000000003f00000000000000bf000000000000803f00000000000000000000803f0000003f000000000000003f000000000000803f000000000000000000000000
  m_CompressedMesh:
    m_Vertices:
      m_NumItems: 0
      m_Range: 0
      m_Start: 0
      m_Data: 
      m_BitSize: 0
    m_UV:
      m_NumItems: 0
      m_Range: 0
      m_Start: 0
      m_Data: 
      m_BitSize: 0
    m_Normals:
      m_NumItems: 0
      m_Range: 0
      m_Start: 0
      m_Data: 
      m_BitSize: 0
    m_Tangents:
      m_NumItems: 0
      m_Range: 0
      m_Start: 0
      m_Data: 
      m_BitSize: 0
    m_Weights:
      m_NumItems: 0
      m_Data: 
      m_BitSize: 0
    m_NormalSigns:
      m_NumItems: 0
      m_Data: 
      m_BitSize: 0
    m_TangentSigns:
      m_NumItems: 0
      m_Data: 
      m_BitSize: 0
    m_FloatColors:
      m_NumItems: 0
      m_Range: 0
      m_Start: 0
      m_Data: 
      m_BitSize: 0
    m_BoneIndices:
      m_NumItems: 0
      m_Data: 
      m_BitSize: 0
    m_Triangles:
      m_NumItems: 0
      m_Data: 
      m_BitSize: 0
    m_UVInfo: 0
  m_LocalAABB:
    m_Center: {x: 0, y: 0, z: 0}
    m_Extent: {x: 0.5, y: 0, z: 0.5}
  m_MeshUsageFlags: 0
  m_BakedConvexCollisionMesh: 
  m_BakedTriangleCollisionMesh: 
  m_MeshMetrics[0]: 1
  m_MeshMetrics[1]: 1
  m_MeshOptimized: 0
  m_StreamData:
    offset: 0
    size: 0
    path: 
--- !u!1 &1422103322
GameObject:
  m_ObjectHideFlags: 0
  m_CorrespondingSourceObject: {fileID: 0}
  m_PrefabInstance: {fileID: 0}
  m_PrefabAsset: {fileID: 0}
  serializedVersion: 6
  m_Component:
  - component: {fileID: 1422103323}
  - component: {fileID: 1422103326}
  - component: {fileID: 1422103325}
  - component: {fileID: 1422103324}
  m_Layer: 0
  m_Name: Shell2.Top
  m_TagString: Untagged
  m_Icon: {fileID: 0}
  m_NavMeshLayer: 0
  m_StaticEditorFlags: 0
  m_IsActive: 0
--- !u!4 &1422103323
Transform:
  m_ObjectHideFlags: 0
  m_CorrespondingSourceObject: {fileID: 0}
  m_PrefabInstance: {fileID: 0}
  m_PrefabAsset: {fileID: 0}
  m_GameObject: {fileID: 1422103322}
  m_LocalRotation: {x: 0.7071068, y: 0, z: 0, w: 0.7071068}
  m_LocalPosition: {x: 0, y: 0, z: 0.036}
  m_LocalScale: {x: 0.072, y: 1, z: 0.072}
  m_Children: []
  m_Father: {fileID: 632585411}
  m_RootOrder: 4
  m_LocalEulerAnglesHint: {x: 0, y: 0, z: 0}
--- !u!114 &1422103324
MonoBehaviour:
  m_ObjectHideFlags: 0
  m_CorrespondingSourceObject: {fileID: 0}
  m_PrefabInstance: {fileID: 0}
  m_PrefabAsset: {fileID: 0}
  m_GameObject: {fileID: 1422103322}
  m_Enabled: 0
  m_EditorHideFlags: 0
  m_Script: {fileID: 1339051007, guid: bab6fa851cf5a1a4bba3cec5f191cb8e, type: 3}
  m_Name: 
  m_EditorClassIdentifier: 
  maskMaterial: {fileID: 2100000, guid: 36b1f386c1720c94889ac11ac9c8c6d1, type: 2}
--- !u!33 &1422103325
MeshFilter:
  m_ObjectHideFlags: 0
  m_CorrespondingSourceObject: {fileID: 0}
  m_PrefabInstance: {fileID: 0}
  m_PrefabAsset: {fileID: 0}
  m_GameObject: {fileID: 1422103322}
  m_Mesh: {fileID: 924404320}
--- !u!23 &1422103326
MeshRenderer:
  m_ObjectHideFlags: 0
  m_CorrespondingSourceObject: {fileID: 0}
  m_PrefabInstance: {fileID: 0}
  m_PrefabAsset: {fileID: 0}
  m_GameObject: {fileID: 1422103322}
  m_Enabled: 1
  m_CastShadows: 1
  m_ReceiveShadows: 1
  m_DynamicOccludee: 1
  m_MotionVectors: 1
  m_LightProbeUsage: 1
  m_ReflectionProbeUsage: 1
  m_RenderingLayerMask: 1
  m_RendererPriority: 0
  m_Materials:
  - {fileID: 1659274751}
  m_StaticBatchInfo:
    firstSubMesh: 0
    subMeshCount: 0
  m_StaticBatchRoot: {fileID: 0}
  m_ProbeAnchor: {fileID: 0}
  m_LightProbeVolumeOverride: {fileID: 0}
  m_ScaleInLightmap: 1
  m_PreserveUVs: 0
  m_IgnoreNormalsForChartDetection: 0
  m_ImportantGI: 0
  m_StitchLightmapSeams: 0
  m_SelectedEditorRenderState: 3
  m_MinimumChartSize: 4
  m_AutoUVMaxDistance: 0.5
  m_AutoUVMaxAngle: 89
  m_LightmapParameters: {fileID: 0}
  m_SortingLayerID: 0
  m_SortingLayer: 0
  m_SortingOrder: 0
--- !u!1 &1497102682
GameObject:
  m_ObjectHideFlags: 0
  m_CorrespondingSourceObject: {fileID: 0}
  m_PrefabInstance: {fileID: 0}
  m_PrefabAsset: {fileID: 0}
  serializedVersion: 6
  m_Component:
  - component: {fileID: 1497102683}
  - component: {fileID: 1497102686}
  - component: {fileID: 1497102685}
  - component: {fileID: 1497102684}
  m_Layer: 0
  m_Name: Shell2.Right
  m_TagString: Untagged
  m_Icon: {fileID: 0}
  m_NavMeshLayer: 0
  m_StaticEditorFlags: 0
  m_IsActive: 0
--- !u!4 &1497102683
Transform:
  m_ObjectHideFlags: 0
  m_CorrespondingSourceObject: {fileID: 0}
  m_PrefabInstance: {fileID: 0}
  m_PrefabAsset: {fileID: 0}
  m_GameObject: {fileID: 1497102682}
  m_LocalRotation: {x: 0, y: 0, z: -0.7071068, w: 0.7071068}
  m_LocalPosition: {x: 0.036, y: 0, z: 0}
  m_LocalScale: {x: 0.072, y: 1, z: 0.072}
  m_Children: []
  m_Father: {fileID: 632585411}
  m_RootOrder: 1
  m_LocalEulerAnglesHint: {x: 0, y: 0, z: 0}
--- !u!114 &1497102684
MonoBehaviour:
  m_ObjectHideFlags: 0
  m_CorrespondingSourceObject: {fileID: 0}
  m_PrefabInstance: {fileID: 0}
  m_PrefabAsset: {fileID: 0}
  m_GameObject: {fileID: 1497102682}
  m_Enabled: 0
  m_EditorHideFlags: 0
  m_Script: {fileID: 1339051007, guid: bab6fa851cf5a1a4bba3cec5f191cb8e, type: 3}
  m_Name: 
  m_EditorClassIdentifier: 
  maskMaterial: {fileID: 2100000, guid: 36b1f386c1720c94889ac11ac9c8c6d1, type: 2}
--- !u!33 &1497102685
MeshFilter:
  m_ObjectHideFlags: 0
  m_CorrespondingSourceObject: {fileID: 0}
  m_PrefabInstance: {fileID: 0}
  m_PrefabAsset: {fileID: 0}
  m_GameObject: {fileID: 1497102682}
  m_Mesh: {fileID: 924404320}
--- !u!23 &1497102686
MeshRenderer:
  m_ObjectHideFlags: 0
  m_CorrespondingSourceObject: {fileID: 0}
  m_PrefabInstance: {fileID: 0}
  m_PrefabAsset: {fileID: 0}
  m_GameObject: {fileID: 1497102682}
  m_Enabled: 1
  m_CastShadows: 1
  m_ReceiveShadows: 1
  m_DynamicOccludee: 1
  m_MotionVectors: 1
  m_LightProbeUsage: 1
  m_ReflectionProbeUsage: 1
  m_RenderingLayerMask: 1
  m_RendererPriority: 0
  m_Materials:
  - {fileID: 1596847478}
  m_StaticBatchInfo:
    firstSubMesh: 0
    subMeshCount: 0
  m_StaticBatchRoot: {fileID: 0}
  m_ProbeAnchor: {fileID: 0}
  m_LightProbeVolumeOverride: {fileID: 0}
  m_ScaleInLightmap: 1
  m_PreserveUVs: 0
  m_IgnoreNormalsForChartDetection: 0
  m_ImportantGI: 0
  m_StitchLightmapSeams: 0
  m_SelectedEditorRenderState: 3
  m_MinimumChartSize: 4
  m_AutoUVMaxDistance: 0.5
  m_AutoUVMaxAngle: 89
  m_LightmapParameters: {fileID: 0}
  m_SortingLayerID: 0
  m_SortingLayer: 0
  m_SortingOrder: 0
--- !u!1 &1512692697
GameObject:
  m_ObjectHideFlags: 0
  m_CorrespondingSourceObject: {fileID: 0}
  m_PrefabInstance: {fileID: 0}
  m_PrefabAsset: {fileID: 0}
  serializedVersion: 6
  m_Component:
  - component: {fileID: 1512692698}
  - component: {fileID: 1512692701}
  - component: {fileID: 1512692700}
  - component: {fileID: 1512692699}
  m_Layer: 0
  m_Name: Shell2.Bottom
  m_TagString: Untagged
  m_Icon: {fileID: 0}
  m_NavMeshLayer: 0
  m_StaticEditorFlags: 0
  m_IsActive: 0
--- !u!4 &1512692698
Transform:
  m_ObjectHideFlags: 0
  m_CorrespondingSourceObject: {fileID: 0}
  m_PrefabInstance: {fileID: 0}
  m_PrefabAsset: {fileID: 0}
  m_GameObject: {fileID: 1512692697}
  m_LocalRotation: {x: -0.7071068, y: 0, z: 0, w: 0.7071068}
  m_LocalPosition: {x: 0, y: 0, z: -0.036}
  m_LocalScale: {x: 0.072, y: 1, z: 0.072}
  m_Children: []
  m_Father: {fileID: 632585411}
  m_RootOrder: 5
  m_LocalEulerAnglesHint: {x: 0, y: 0, z: 0}
--- !u!114 &1512692699
MonoBehaviour:
  m_ObjectHideFlags: 0
  m_CorrespondingSourceObject: {fileID: 0}
  m_PrefabInstance: {fileID: 0}
  m_PrefabAsset: {fileID: 0}
  m_GameObject: {fileID: 1512692697}
  m_Enabled: 0
  m_EditorHideFlags: 0
  m_Script: {fileID: 1339051007, guid: bab6fa851cf5a1a4bba3cec5f191cb8e, type: 3}
  m_Name: 
  m_EditorClassIdentifier: 
  maskMaterial: {fileID: 2100000, guid: 36b1f386c1720c94889ac11ac9c8c6d1, type: 2}
--- !u!33 &1512692700
MeshFilter:
  m_ObjectHideFlags: 0
  m_CorrespondingSourceObject: {fileID: 0}
  m_PrefabInstance: {fileID: 0}
  m_PrefabAsset: {fileID: 0}
  m_GameObject: {fileID: 1512692697}
  m_Mesh: {fileID: 924404320}
--- !u!23 &1512692701
MeshRenderer:
  m_ObjectHideFlags: 0
  m_CorrespondingSourceObject: {fileID: 0}
  m_PrefabInstance: {fileID: 0}
  m_PrefabAsset: {fileID: 0}
  m_GameObject: {fileID: 1512692697}
  m_Enabled: 1
  m_CastShadows: 1
  m_ReceiveShadows: 1
  m_DynamicOccludee: 1
  m_MotionVectors: 1
  m_LightProbeUsage: 1
  m_ReflectionProbeUsage: 1
  m_RenderingLayerMask: 1
  m_RendererPriority: 0
  m_Materials:
  - {fileID: 1556553979}
  m_StaticBatchInfo:
    firstSubMesh: 0
    subMeshCount: 0
  m_StaticBatchRoot: {fileID: 0}
  m_ProbeAnchor: {fileID: 0}
  m_LightProbeVolumeOverride: {fileID: 0}
  m_ScaleInLightmap: 1
  m_PreserveUVs: 0
  m_IgnoreNormalsForChartDetection: 0
  m_ImportantGI: 0
  m_StitchLightmapSeams: 0
  m_SelectedEditorRenderState: 3
  m_MinimumChartSize: 4
  m_AutoUVMaxDistance: 0.5
  m_AutoUVMaxAngle: 89
  m_LightmapParameters: {fileID: 0}
  m_SortingLayerID: 0
  m_SortingLayer: 0
  m_SortingOrder: 0
--- !u!21 &1556553979
Material:
  serializedVersion: 6
  m_ObjectHideFlags: 0
  m_CorrespondingSourceObject: {fileID: 0}
  m_PrefabInstance: {fileID: 0}
  m_PrefabAsset: {fileID: 0}
  m_Name: 'Shell2.Bottom_scaledMaterial

    13620'
  m_Shader: {fileID: 10752, guid: 0000000000000000f000000000000000, type: 0}
  m_ShaderKeywords: 
  m_LightmapFlags: 5
  m_EnableInstancingVariants: 0
  m_DoubleSidedGI: 0
  m_CustomRenderQueue: -1
  stringTagMap: {}
  disabledShaderPasses: []
  m_SavedProperties:
    serializedVersion: 3
    m_TexEnvs:
    - _MainTex:
        m_Texture: {fileID: 2800000, guid: 6ec0e2f072db4fa2be3244892b7e97f2, type: 3}
        m_Scale: {x: -1, y: -1}
        m_Offset: {x: 0, y: 0}
    m_Floats: []
    m_Colors:
    - _Color: {r: 0.82089555, g: 0.82089555, b: 0.82089555, a: 1}
--- !u!21 &1596847478
Material:
  serializedVersion: 6
  m_ObjectHideFlags: 0
  m_CorrespondingSourceObject: {fileID: 0}
  m_PrefabInstance: {fileID: 0}
  m_PrefabAsset: {fileID: 0}
  m_Name: 'Shell2.Right_scaledMaterial

    13620'
  m_Shader: {fileID: 10752, guid: 0000000000000000f000000000000000, type: 0}
  m_ShaderKeywords: 
  m_LightmapFlags: 5
  m_EnableInstancingVariants: 0
  m_DoubleSidedGI: 0
  m_CustomRenderQueue: -1
  stringTagMap: {}
  disabledShaderPasses: []
  m_SavedProperties:
    serializedVersion: 3
    m_TexEnvs:
    - _MainTex:
        m_Texture: {fileID: 2800000, guid: 944e658870304adfa2c493754c2eebc9, type: 3}
        m_Scale: {x: -1, y: -1}
        m_Offset: {x: 0, y: 0}
    m_Floats: []
    m_Colors:
    - _Color: {r: 0.82089555, g: 0.82089555, b: 0.82089555, a: 1}
--- !u!21 &1659274751
Material:
  serializedVersion: 6
  m_ObjectHideFlags: 0
  m_CorrespondingSourceObject: {fileID: 0}
  m_PrefabInstance: {fileID: 0}
  m_PrefabAsset: {fileID: 0}
  m_Name: 'Shell2.Top_scaledMaterial

    13620'
  m_Shader: {fileID: 10752, guid: 0000000000000000f000000000000000, type: 0}
  m_ShaderKeywords: 
  m_LightmapFlags: 5
  m_EnableInstancingVariants: 0
  m_DoubleSidedGI: 0
  m_CustomRenderQueue: -1
  stringTagMap: {}
  disabledShaderPasses: []
  m_SavedProperties:
    serializedVersion: 3
    m_TexEnvs:
    - _MainTex:
        m_Texture: {fileID: 2800000, guid: 3ae6ea5c3ee94bb0a1c83f0b8adbbc9e, type: 3}
        m_Scale: {x: -1, y: -1}
        m_Offset: {x: 0, y: 0}
    m_Floats: []
    m_Colors:
    - _Color: {r: 0.82089555, g: 0.82089555, b: 0.82089555, a: 1}
--- !u!21 &1962437610
Material:
  serializedVersion: 6
  m_ObjectHideFlags: 0
  m_CorrespondingSourceObject: {fileID: 0}
  m_PrefabInstance: {fileID: 0}
  m_PrefabAsset: {fileID: 0}
  m_Name: 'Shell2.Left_scaledMaterial

    13620'
  m_Shader: {fileID: 10752, guid: 0000000000000000f000000000000000, type: 0}
  m_ShaderKeywords: 
  m_LightmapFlags: 5
  m_EnableInstancingVariants: 0
  m_DoubleSidedGI: 0
  m_CustomRenderQueue: -1
  stringTagMap: {}
  disabledShaderPasses: []
  m_SavedProperties:
    serializedVersion: 3
    m_TexEnvs:
    - _MainTex:
        m_Texture: {fileID: 2800000, guid: 1f69a223a9024d7f98c59eb8351fdbe0, type: 3}
        m_Scale: {x: -1, y: -1}
        m_Offset: {x: 0, y: 0}
    m_Floats: []
    m_Colors:
    - _Color: {r: 0.82089555, g: 0.82089555, b: 0.82089555, a: 1}
--- !u!1 &1970860716 stripped
GameObject:
  m_CorrespondingSourceObject: {fileID: 1205223321905062, guid: 6705e00f1354b4b00a61383caca76ae4,
    type: 3}
  m_PrefabInstance: {fileID: 838154498}
  m_PrefabAsset: {fileID: 0}
--- !u!114 &1970860717
MonoBehaviour:
  m_ObjectHideFlags: 0
  m_CorrespondingSourceObject: {fileID: 0}
  m_PrefabInstance: {fileID: 0}
  m_PrefabAsset: {fileID: 0}
  m_GameObject: {fileID: 1970860716}
  m_Enabled: 1
  m_EditorHideFlags: 0
  m_Script: {fileID: 11500000, guid: 92bfb664e2c150c47954975779884d14, type: 3}
  m_Name: 
  m_EditorClassIdentifier: 
  _sideGameObjects: []
--- !u!1 &2055589997
GameObject:
  m_ObjectHideFlags: 0
  m_CorrespondingSourceObject: {fileID: 0}
  m_PrefabInstance: {fileID: 0}
  m_PrefabAsset: {fileID: 0}
  serializedVersion: 6
  m_Component:
  - component: {fileID: 2055589998}
  - component: {fileID: 2055590001}
  - component: {fileID: 2055590000}
  - component: {fileID: 2055589999}
  m_Layer: 0
  m_Name: Shell2.Front
  m_TagString: Untagged
  m_Icon: {fileID: 0}
  m_NavMeshLayer: 0
  m_StaticEditorFlags: 0
  m_IsActive: 0
--- !u!4 &2055589998
Transform:
  m_ObjectHideFlags: 0
  m_CorrespondingSourceObject: {fileID: 0}
  m_PrefabInstance: {fileID: 0}
  m_PrefabAsset: {fileID: 0}
  m_GameObject: {fileID: 2055589997}
  m_LocalRotation: {x: 0, y: 0, z: 0, w: 1}
  m_LocalPosition: {x: 0, y: 0.036, z: 0}
  m_LocalScale: {x: 0.072, y: 1, z: 0.072}
  m_Children: []
  m_Father: {fileID: 632585411}
  m_RootOrder: 2
  m_LocalEulerAnglesHint: {x: 0, y: 0, z: 0}
--- !u!114 &2055589999
MonoBehaviour:
  m_ObjectHideFlags: 0
  m_CorrespondingSourceObject: {fileID: 0}
  m_PrefabInstance: {fileID: 0}
  m_PrefabAsset: {fileID: 0}
  m_GameObject: {fileID: 2055589997}
  m_Enabled: 0
  m_EditorHideFlags: 0
  m_Script: {fileID: 1339051007, guid: bab6fa851cf5a1a4bba3cec5f191cb8e, type: 3}
  m_Name: 
  m_EditorClassIdentifier: 
  maskMaterial: {fileID: 2100000, guid: 36b1f386c1720c94889ac11ac9c8c6d1, type: 2}
--- !u!33 &2055590000
MeshFilter:
  m_ObjectHideFlags: 0
  m_CorrespondingSourceObject: {fileID: 0}
  m_PrefabInstance: {fileID: 0}
  m_PrefabAsset: {fileID: 0}
  m_GameObject: {fileID: 2055589997}
  m_Mesh: {fileID: 924404320}
--- !u!23 &2055590001
MeshRenderer:
  m_ObjectHideFlags: 0
  m_CorrespondingSourceObject: {fileID: 0}
  m_PrefabInstance: {fileID: 0}
  m_PrefabAsset: {fileID: 0}
  m_GameObject: {fileID: 2055589997}
  m_Enabled: 1
  m_CastShadows: 1
  m_ReceiveShadows: 1
  m_DynamicOccludee: 1
  m_MotionVectors: 1
  m_LightProbeUsage: 1
  m_ReflectionProbeUsage: 1
  m_RenderingLayerMask: 1
  m_RendererPriority: 0
  m_Materials:
  - {fileID: 332612242}
  m_StaticBatchInfo:
    firstSubMesh: 0
    subMeshCount: 0
  m_StaticBatchRoot: {fileID: 0}
  m_ProbeAnchor: {fileID: 0}
  m_LightProbeVolumeOverride: {fileID: 0}
  m_ScaleInLightmap: 1
  m_PreserveUVs: 0
  m_IgnoreNormalsForChartDetection: 0
  m_ImportantGI: 0
  m_StitchLightmapSeams: 0
  m_SelectedEditorRenderState: 3
  m_MinimumChartSize: 4
  m_AutoUVMaxDistance: 0.5
  m_AutoUVMaxAngle: 89
  m_LightmapParameters: {fileID: 0}
  m_SortingLayerID: 0
  m_SortingLayer: 0
  m_SortingOrder: 0
